<record><leader>00000cas a22000007a 4500</leader><controlfield tag="001">8784210</controlfield><controlfield tag="007">hd afu---buca</controlfield><controlfield tag="008">820917d18611960pauwr n a     0   a0eng d</controlfield><datafield ind1=" " ind2=" " tag="010"><subfield code="a">sn 91026524 </subfield></datafield><datafield ind1=" " ind2=" " tag="040"><subfield code="a">VYN</subfield><subfield code="b">eng</subfield><subfield code="c">VYN</subfield><subfield code="d">HUL</subfield><subfield code="d">OCLCQ</subfield><subfield code="d">OCLCF</subfield><subfield code="d">OCLCO</subfield></datafield><datafield ind1=" " ind2=" " tag="012"><subfield code="i">9108</subfield></datafield><datafield ind1="1" ind2=" " tag="029"><subfield code="a">AU@</subfield><subfield code="b">000025878165</subfield></datafield><datafield ind1=" " ind2=" " tag="042"><subfield code="a">msc</subfield></datafield><datafield ind1="0" ind2=" " tag="130"><subfield code="a">Christian recorder (Philadelphia, Pa.)</subfield></datafield><datafield ind1="1" ind2="4" tag="245"><subfield code="a">The Christian recorder</subfield><subfield code="h">[microform].</subfield></datafield><datafield ind1=" " ind2=" " tag="260"><subfield code="a">Philadelphia :</subfield><subfield code="b">Published on behalf of the African Methodist Episcopal Church by Elisha Weaver</subfield></datafield><datafield ind1=" " ind2=" " tag="300"><subfield code="a">v.</subfield></datafield><datafield ind1=" " ind2=" " tag="310"><subfield code="a">Weekly</subfield></datafield><datafield ind1="1" ind2=" " tag="362"><subfield code="a">Began in Jan., 1861?</subfield><subfield code="z">Cf. The Holdings of Mother Bethel African Methodist Episcopal Church Historical Museum in manuscript and print, p. 8.</subfield></datafield><datafield ind1="1" ind2=" " tag="362"><subfield code="a">Ceased in 1960.</subfield></datafield><datafield ind1=" " ind2=" " tag="515"><subfield code="a">Numbering irregular.</subfield></datafield><datafield ind1=" " ind2=" " tag="525"><subfield code="a">Supplements accompany some issues.</subfield></datafield><datafield ind1=" " ind2=" " tag="580"><subfield code="a">Merged with: Southwestern Christian recorder; to form: A.M.E. Christian recorder. Cf. A Layman looks with love at her church / Dorothy E. Hoover, p. 140.</subfield></datafield><datafield ind1=" " ind2=" " tag="588"><subfield code="a">Description based on: New ser., v. 1, (Jan. 19, 1861); title from caption.</subfield></datafield><datafield ind1=" " ind2=" " tag="533"><subfield code="a">Microfilm.</subfield><subfield code="b">Philadelphia :</subfield><subfield code="c">Mother Bethel African Methodist Episcopal Church :</subfield><subfield code="c">Historical Society of Pennsylvania [distributor],</subfield><subfield code="d">1973.</subfield><subfield code="e">microfilm reels ; 35 mm.</subfield><subfield code="f">(The Holdings of Mother Bethel African Methodist Episcopal Church Historical Museum in manuscript and print).</subfield></datafield><datafield ind1="2" ind2="0" tag="610"><subfield code="a">African Methodist Episcopal Church</subfield><subfield code="v">Periodicals.</subfield></datafield><datafield ind1=" " ind2="7" tag="655"><subfield code="a">Periodicals.</subfield><subfield code="2">fast</subfield><subfield code="0">(OCoLC)fst01411641</subfield></datafield><datafield ind1="2" ind2="7" tag="610"><subfield code="a">African Methodist Episcopal Church.</subfield><subfield code="2">fast</subfield><subfield code="0">(OCoLC)fst00544497</subfield></datafield><datafield ind1="2" ind2=" " tag="710"><subfield code="a">African Methodist Episcopal Church.</subfield></datafield><datafield ind1=" " ind2=" " tag="752"><subfield code="a">United States</subfield><subfield code="b">Pennsylvania</subfield><subfield code="d">Philadelphia.</subfield></datafield><datafield ind1="0" ind2="0" tag="780"><subfield code="t">Christian recorder of the African Methodist Episcopal Church</subfield><subfield code="w">(DLC)sn 91026525</subfield><subfield code="w">(OCoLC)8783690</subfield></datafield><datafield ind1="1" ind2="7" tag="785"><subfield code="t">Southwestern Christian recorder</subfield></datafield><datafield ind1="1" ind2="7" tag="785"><subfield code="t">A.M.E. Christian recorder</subfield></datafield><datafield ind1=" " ind2=" " tag="850"><subfield code="a">MH</subfield></datafield></record>